@string{ACA2004 = {ACA '04}}

@string{APLAS2003 = {APLAS '03}}
@string{APLAS2004 = {APLAS '04}}
@string{APLAS2005 = {APLAS '05}}
@string{APLAS2006 = {APLAS '06}}
@string{APLAS2007 = {APLAS '07}}
@string{APLAS2008 = {APLAS '08}}
@string{APLAS2009 = {APLAS '09}}
@string{APLAS2010 = {APLAS '10}}
@string{APLAS2011 = {APLAS '11}}
@string{APLAS2012 = {APLAS '12}}

@string{VMCAI2000 = {VMCAI '00}}
@string{VMCAI2001 = {VMCAI '01}}
@string{VMCAI2002 = {VMCAI '02}}
@string{VMCAI2003 = {VMCAI '03}}
@string{VMCAI2004 = {VMCAI '04}}
@string{VMCAI2005 = {VMCAI '05}}
@string{VMCAI2006 = {VMCAI '06}}
@string{VMCAI2007 = {VMCAI '07}}
@string{VMCAI2008 = {VMCAI '08}}
@string{VMCAI2009 = {VMCAI '09}}
@string{VMCAI2010 = {VMCAI '10}}
@string{VMCAI2011 = {VMCAI '11}}
@string{VMCAI2012 = {VMCAI '12}}

@string{ASIAN2006 = {ASIAN '06}}

@string{CAV1989 = {CAV '89}}
@string{CAV1990 = {CAV '90}}
@string{CAV1991 = {CAV '91}}
@string{CAV1992 = {CAV '92}}
@string{CAV1993 = {CAV '93}}
@string{CAV1994 = {CAV '94}}
@string{CAV1995 = {CAV '95}}
@string{CAV1996 = {CAV '96}}
@string{CAV1997 = {CAV '97}}
@string{CAV1998 = {CAV '98}}
@string{CAV1999 = {CAV '99}}
@string{CAV2000 = {CAV '00}}
@string{CAV2001 = {CAV '01}}
@string{CAV2002 = {CAV '02}}
@string{CAV2003 = {CAV '03}}
@string{CAV2004 = {CAV '04}}
@string{CAV2005 = {CAV '05}}
@string{CAV2006 = {CAV '06}}
@string{CAV2007 = {CAV '07}}
@string{CAV2008 = {CAV '08}}
@string{CAV2009 = {CAV '09}}
@string{CAV2010 = {CAV '10}}
@string{CAV2011 = {CAV '11}}
@string{CAV2012 = {CAV '12}}

@string{ESOP1992 = {ESOP '92}}
@string{ESOP1993 = {ESOP '93}}
@string{ESOP1994 = {ESOP '94}}
@string{ESOP1995 = {ESOP '95}}
@string{ESOP1996 = {ESOP '96}}
@string{ESOP1997 = {ESOP '97}}
@string{ESOP1998 = {ESOP '98}}
@string{ESOP1999 = {ESOP '99}}
@string{ESOP2000 = {ESOP '00}}
@string{ESOP2001 = {ESOP '01}}
@string{ESOP2002 = {ESOP '02}}
@string{ESOP2003 = {ESOP '03}}
@string{ESOP2004 = {ESOP '04}}
@string{ESOP2005 = {ESOP '05}}
@string{ESOP2006 = {ESOP '06}}
@string{ESOP2007 = {ESOP '07}}
@string{ESOP2008 = {ESOP '08}}
@string{ESOP2009 = {ESOP '09}}
@string{ESOP2010 = {ESOP '10}}
@string{ESOP2011 = {ESOP '11}}
@string{ESOP2012 = {ESOP '12}}

@string{FLOPS2006 = {FLOPS '06}}
@string{FLOPS2008 = {FLOPS '08}}

@string{FM2006 = {FM '06}}

@string{FSE-2 = {SIGSOFT '94}}
@string{FSE-7 = {ESEC/FSE-7}}
@string{FSE-13 = {ESEC/FSE-13}}
@string{FSE-14 = {SIGSOFT '06/FSE-14}}

@string{HASKELL2003 = {Haskell '03}}
@string{HASKELL2004 = {Haskell '04}}

@string{ICALP2005 = {ICALP '05}}
@string{ICALP2006 = {ICALP '06}}
@string{ICALP2007 = {ICALP '07}}
@string{ICALP2008 = {ICALP '08}}
@string{ICALP2009 = {ICALP '09}}
@string{ICALP2010 = {ICALP '10}}
@string{ICALP2011 = {ICALP '11}}
@string{ICALP2012 = {ICALP '12}}

@string{ICFP1996 = {ICFP '96}}
@string{ICFP1997 = {ICFP '97}}
@string{ICFP1998 = {ICFP '98}}
@string{ICFP1999 = {ICFP '99}}
@string{ICFP2000 = {ICFP '00}}
@string{ICFP2001 = {ICFP '01}}
@string{ICFP2002 = {ICFP '02}}
@string{ICFP2003 = {ICFP '03}}
@string{ICFP2004 = {ICFP '04}}
@string{ICFP2005 = {ICFP '05}}
@string{ICFP2006 = {ICFP '06}}
@string{ICFP2007 = {ICFP '07}}
@string{ICFP2008 = {ICFP '08}}
@string{ICFP2009 = {ICFP '09}}
@string{ICFP2010 = {ICFP '10}}
@string{ICFP2011 = {ICFP '11}}
@string{ICFP2012 = {ICFP '12}}
@string{ICFP2013 = {ICFP '13}}

@string{IJCAI1995 = {IJCAI '95}}

@string{KR1992 = {KR '92}}

@string{LICS1991 = {LICS '91}}
@string{LICS1992 = {LICS '92}}
@string{LICS1993 = {LICS '93}}
@string{LICS1994 = {LICS '94}}
@string{LICS1995 = {LICS '95}}
@string{LICS1996 = {LICS '96}}
@string{LICS1997 = {LICS '97}}
@string{LICS1998 = {LICS '98}}
@string{LICS1999 = {LICS '99}}
@string{LICS2000 = {LICS '00}}
@string{LICS2001 = {LICS '01}}
@string{LICS2002 = {LICS '02}}
@string{LICS2003 = {LICS '03}}
@string{LICS2004 = {LICS '04}}
@string{LICS2005 = {LICS '05}}
@string{LICS2006 = {LICS '06}}
@string{LICS2007 = {LICS '07}}
@string{LICS2008 = {LICS '08}}
@string{LICS2009 = {LICS '09}}
@string{LICS2010 = {LICS '10}}
@string{LICS2011 = {LICS '11}}

@string{CSL2006 = {CSL '06}}

@string{ICSE2003 = {ICSE '03}}

@string{OOPSLA2003 = {OOPSLA '03}}

@string{TLCA2001 = {TLCA '01}}
@string{TLCA2005 = {TLCA '05}}

@string{PADO2001 = {PADO '01}}

@string{PASTE2001 = {PASTE '01}}

@string{PEPM1997 = {PEPM '97}}
@string{PEPM1998 = {PEPM '98}}
@string{PEPM1999 = {PEPM '99}}
@string{PEPM2000 = {PEPM '00}}
@string{PEPM2001 = {PEPM '01}}
@string{PEPM2002 = {PEPM '02}}
@string{PEPM2003 = {PEPM '03}}
@string{PEPM2004 = {PEPM '04}}
@string{PEPM2005 = {PEPM '05}}
@string{PEPM2006 = {PEPM '06}}
@string{PEPM2007 = {PEPM '07}}
@string{PEPM2008 = {PEPM '08}}
@string{PEPM2009 = {PEPM '09}}

@string{PLDI1987 = {PLDI '87}}
@string{PLDI1988 = {PLDI '88}}
@string{PLDI1989 = {PLDI '89}}
@string{PLDI1990 = {PLDI '90}}
@string{PLDI1991 = {PLDI '91}}
@string{PLDI1992 = {PLDI '92}}
@string{PLDI1993 = {PLDI '93}}
@string{PLDI1994 = {PLDI '94}}
@string{PLDI1995 = {PLDI '95}}
@string{PLDI1996 = {PLDI '96}}
@string{PLDI1997 = {PLDI '97}}
@string{PLDI1998 = {PLDI '98}}
@string{PLDI1999 = {PLDI '99}}
@string{PLDI2000 = {PLDI '00}}
@string{PLDI2001 = {PLDI '01}}
@string{PLDI2002 = {PLDI '02}}
@string{PLDI2003 = {PLDI '03}}
@string{PLDI2004 = {PLDI '04}}
@string{PLDI2005 = {PLDI '05}}
@string{PLDI2006 = {PLDI '06}}
@string{PLDI2007 = {PLDI '07}}
@string{PLDI2008 = {PLDI '08}}
@string{PLDI2009 = {PLDI '09}}
@string{PLDI2010 = {PLDI '10}}
@string{PLDI2011 = {PLDI '11}}
@string{PLDI2012 = {PLDI '12}}

@string{POPL1973 = {POPL '73}}
@string{POPL1975 = {POPL '75}}
@string{POPL1976 = {POPL '76}}
@string{POPL1977 = {POPL '77}}
@string{POPL1978 = {POPL '78}}
@string{POPL1979 = {POPL '79}}
@string{POPL1980 = {POPL '80}}
@string{POPL1981 = {POPL '81}}
@string{POPL1982 = {POPL '82}}
@string{POPL1983 = {POPL '83}}
@string{POPL1984 = {POPL '84}}
@string{POPL1985 = {POPL '85}}
@string{POPL1986 = {POPL '86}}
@string{POPL1987 = {POPL '87}}
@string{POPL1988 = {POPL '88}}
@string{POPL1989 = {POPL '89}}
@string{POPL1990 = {POPL '90}}
@string{POPL1991 = {POPL '91}}
@string{POPL1992 = {POPL '92}}
@string{POPL1993 = {POPL '93}}
@string{POPL1994 = {POPL '94}}
@string{POPL1995 = {POPL '95}}
@string{POPL1996 = {POPL '96}}
@string{POPL1997 = {POPL '97}}
@string{POPL1998 = {POPL '98}}
@string{POPL1999 = {POPL '99}}
@string{POPL2000 = {POPL '00}}
@string{POPL2001 = {POPL '01}}
@string{POPL2002 = {POPL '02}}
@string{POPL2003 = {POPL '03}}
@string{POPL2004 = {POPL '04}}
@string{POPL2005 = {POPL '05}}
@string{POPL2006 = {POPL '06}}
@string{POPL2007 = {POPL '07}}
@string{POPL2008 = {POPL '08}}
@string{POPL2009 = {POPL '09}}
@string{POPL2010 = {POPL '10}}
@string{POPL2011 = {POPL '11}}
@string{POPL2012 = {POPL '12}}

@string{PPDP2003 = {PPDP '03}}
@string{PPDP2004 = {PPDP '04}}
@string{PPDP2005 = {PPDP '05}}
@string{PPDP2006 = {PPDP '06}}
@string{PPDP2007 = {PPDP '07}}
@string{PPDP2008 = {PPDP '08}}
@string{PPDP2009 = {PPDP '09}}
@string{PPDP2010 = {PPDP '10}}
@string{PPDP2011 = {PPDP '11}}

@string{SAS1995 = {SAS '95}}
@string{SAS1999 = {SAS '99}}
@string{SAS2003 = {SAS '03}}
@string{SAS2004 = {SAS '04}}
@string{SAS2005 = {SAS '05}}

@string{TFP2007 = {TFP '07}}

@string{DBPL2007 = {DBPL '07}}

@string{FoSSaCS2002 = {FoSSaCS '02}}
@string{FoSSaCS2003 = {FoSSaCS '03}}
@string{FoSSaCS2004 = {FoSSaCS '04}}
@string{FoSSaCS2005 = {FoSSaCS '05}}
@string{FoSSaCS2006 = {FoSSaCS '06}}
@string{FoSSaCS2007 = {FoSSaCS '07}}
@string{FoSSaCS2008 = {FoSSaCS '08}}
@string{FoSSaCS2009 = {FoSSaCS '09}}
@string{FoSSaCS2010 = {FoSSaCS '10}}
@string{FoSSaCS2011 = {FoSSaCS '11}}

@string{TACAS2002 = {TACAS '02}}
@string{TACAS2003 = {TACAS '03}}
@string{TACAS2004 = {TACAS '04}}
@string{TACAS2005 = {TACAS '05}}
@string{TACAS2006 = {TACAS '06}}
@string{TACAS2007 = {TACAS '07}}
@string{TACAS2008 = {TACAS '08}}
@string{TACAS2009 = {TACAS '09}}

@string{MPC2008 = {MPC '08}}

@string{PODS2005 = {PODS '05}}

@string{ICDT2007 = {ICDT '07}}

@string{WWW2005 = {WWW '05}}

@string{VLDB2002 = {VLDB '02}}

@string{WEBIST2009 = {WEBIST '09}}

@string{PLANX2008 = {PLAN-X '08}}

@string{DocEng2001 = {DocEng '01}}

@string{TOPLAS = {ACM Transactions on Programming Languages and Systems}}
@string{TOIT = {ACM Transactions on Internet Technology}}
@string{LNCS = {LNCS}}
@string{JACM = {Journal of the ACM}}

@STRING{ACM = {ACM}}
@STRING{IEEE = {IEEE}}
@STRING{Springer = {Springer}}
