
@INPROCEEDINGS{Ball2002,
  author = {Thomas Ball and Sriram K. Rajamani},
  title = {The {SLAM} project: debugging system software via static analysis},
  booktitle = {POPL 2002},
  year = {2002},
  pages = {1-3},
  owner = {ryosuke},
  timestamp = {2012.05.01}
}

@INPROCEEDINGS{Barrett2007,
  author = {Clark Barrett and Cesare Tinelli},
  title = {{CVC3}},
  booktitle = {CAV 2007},
  year = {2007},
  pages = {298--302},
  keywords = {decesion procedure},
  owner = {ryosuke},
  timestamp = {2012.06.11}
}

@INPROCEEDINGS{Beyer2008,
  author = {Dirk Beyer and Damien Zufferey and Rupak Majumdar},
  title = {{CSIsat}: Interpolation for {LA}+{EUF}},
  booktitle = {CAV 2008},
  year = {2008},
  pages = {304-308},
  bibsource = {DBLP, http://dblp.uni-trier.de},
  file = {:/home/ryosuke/paper/Beyer2008.pdf:PDF},
  keywords = {interpolant, interpolation},
  owner = {ryosuke},
  timestamp = {2012.06.11}
}

@INPROCEEDINGS{Chin2003,
  author = {Chin, Wei-Ngan and Khoo, Siau-Cheng and Xu, Dana N.},
  title = {Extending sized type with collection analysis},
  booktitle = {PEPM 2003},
  year = {2003},
  pages = {75--84},
  acmid = {777397},
  keywords = {collection analysis, fix-point, mixed constraints, polymorphism, sized
	type},
  location = {San Diego, California, USA},
  numpages = {10},
  owner = {ryosuke},
  timestamp = {2012.04.03}
}

@INPROCEEDINGS{Dillig2011,
  author = {Isil Dillig and Thomas Dillig and Alex Aiken},
  title = {Precise reasoning for programs using containers},
  booktitle = {POPL 2011},
  year = {2011},
  pages = {187-200},
  file = {:/home/ryosuke/paper/Dillig_POPL2011.pdf:PDF},
  owner = {ryosuke},
  timestamp = {2012.04.03}
}

@INPROCEEDINGS{Henzinger2002,
  author = {Thomas A. Henzinger and Ranjit Jhala and Rupak Majumdar and Gr{\'e}goire
	Sutre},
  title = {Lazy abstraction},
  booktitle = {POPL 2002},
  year = {2002},
  pages = {58-70},
  bibsource = {DBLP, http://dblp.uni-trier.de},
  file = {:home/ryosuke/paper/Henzinger2002.pdf:PDF},
  keywords = {predicate abstraction},
  owner = {ryosuke},
  timestamp = {2012.05.01}
}

@INPROCEEDINGS{Kawaguchi2009,
  author = {Ming Kawaguchi and Patrick Maxim Rondon and Ranjit Jhala},
  title = {Type-based data structure verification},
  booktitle = {PLDI 2009},
  year = {2009},
  pages = {304-315},
  owner = {ryosuke},
  timestamp = {2012.04.03}
}

@INPROCEEDINGS{KobayashiPOPL2009,
  author = {Naoki Kobayashi},
  title = {Types and higher-order recursion schemes for verification of higher-order
	programs},
  booktitle = {POPL 2009},
  year = {2009},
  pages = {416-428},
  bibsource = {DBLP, http://dblp.uni-trier.de},
  file = {:/home/ryosuke/paper/Kobyashi_POPL09.pdf:PDF},
  keywords = {HORS, higher-order recursion scheme},
  owner = {ryosuke},
  timestamp = {2012.04.01}
}

@INPROCEEDINGS{KobayashiPPDP2009,
  author = {Naoki Kobayashi},
  title = {Model-checking higher-order functions},
  booktitle = {PPDP 2009},
  year = {2009},
  pages = {25-36},
  file = {:/home/ryosuke/paper/Kobayashi_PPDP09.pdf:PDF},
  owner = {ryosuke},
  timestamp = {2012.06.11}
}

@INPROCEEDINGS{KobayashiPLDI2011,
  author = {Naoki Kobayashi and Ryosuke Sato and Hiroshi Unno},
  title = {Predicate abstraction and {CEGAR} for higher-order model checking},
  booktitle = {PLDI 2011},
  year = {2011},
  pages = {222-233},
  owner = {ryosuke},
  timestamp = {2012.04.01}
}

@INPROCEEDINGS{Kobayashi2010,
  author = {Naoki Kobayashi and Naoshi Tabuchi and Hiroshi Unno},
  title = {Higher-order multi-parameter tree transducers and recursion schemes
	for program verification},
  booktitle = {POPL 2010},
  year = {2010},
  pages = {495-508},
  owner = {ryosuke},
  timestamp = {2012.06.15}
}

@ARTICLE{Nielsen2001,
  author = {Lasse R. Nielsen},
  title = {A Selective {CPS} Transformation},
  journal = {Electronic Notes in Theoretical Computer Science},
  year = {2001},
  volume = {45},
  pages = {311-331},
  owner = {ryosuke},
  timestamp = {2012.04.02}
}

@INPROCEEDINGS{Ong2006,
  author = {C.-H. L. Ong},
  title = {On Model-Checking Trees Generated by Higher-Order Recursion Schemes},
  booktitle = {LICS 2006},
  year = {2006},
  pages = {81--90},
}

@INPROCEEDINGS{Ong2011,
  author = {C.-H. Luke Ong and Steven James Ramsay},
  title = {Verifying higher-order functional programs with pattern-matching
	algebraic data types},
  booktitle = {POPL 2011},
  year = {2011},
  pages = {587-598},
  owner = {ryosuke},
  timestamp = {2012.04.04}
}

@ARTICLE{Pierce2000,
  author = {Benjamin C. Pierce and David N. Turner},
  title = {Local type inference},
  journal = {TOPLAS},
  year = {2000},
  volume = {22},
  pages = {1-44},
  number = {1},
}

@ARTICLE{Plotkin1975,
  author = {Gordon D. Plotkin},
  title = {Call-by-Name, Call-by-Value and the lambda-Calculus},
  journal = {TCS},
  year = {1975},
  volume = {1},
  pages = {125-159},
  number = {2},
  bibsource = {DBLP, http://dblp.uni-trier.de},
  owner = {ryosuke},
  timestamp = {2012.06.15}
}

@INPROCEEDINGS{Rondon2008,
  author = {Patrick M. Rondon and Ming Kawaguchi and Ranjit Jhala},
  title = {Liquid types},
  booktitle = {PLDI 2008},
  year = {2008},
  pages = {159-169},
  file = {:/home/ryosuke/paper/Rondon_PLDI08.pdf:PDF},
  keywords = {dependent types},
  owner = {ryosuke},
  timestamp = {2009.03.05}
}

@INPROCEEDINGS{Suter2010,
  author = {Philippe Suter and Mirco Dotta and Viktor Kuncak},
  title = {Decision procedures for algebraic data types with abstractions},
  booktitle = {POPL 2010},
  year = {2010},
  pages = {199-210},
  owner = {ryosuke},
  timestamp = {2012.06.15}
}

@INPROCEEDINGS{Suter2011,
  author = {Philippe Suter and Ali Sinan K{\"o}ksal and Viktor Kuncak},
  title = {Satisfiability Modulo Recursive Programs},
  booktitle = {SAS 2011},
  year = {2011},
  pages = {298-315},
  owner = {ryosuke},
  timestamp = {2012.06.15}
}

@INPROCEEDINGS{Unno2010,
  author = {Hiroshi Unno and Naoshi Tabuchi and Naoki Kobayashi},
  title = {Verification of Tree-Processing Programs via Higher-Order Model Checking},
  booktitle = {APLAS 2010},
  year = {2010},
  pages = {312-327},
  file = {:/home/ryosuke/paper/Unno_APLAS2010.pdf:PDF},
  owner = {ryosuke},
  timestamp = {2012.06.15}
}

@inproceedings{Xi1999,
author = {Xi, Hongwei and Pfenning, Frank},
booktitle = {POPL 1999},
keywords = {DML,Dependent ML},
pages = {214--227},
title = {Dependent types in practical programming},
year = {1999}
}

@inproceedings{Xu2012,
author = {Xu, Dana N.},
booktitle = {PEPM 2012},
month = jan,
pages = {107--116},
title = {Hybrid contract checking via symbolic simplification},
year = {2012}
}

@inproceedings{Jhala2011,
author = {Jhala, Ranjit and Majumdar, Rupak and Rybalchenko, Andrey},
booktitle = {CAV 2011},
pages = {470--485},
title = {{HMC}: Verifying functional programs using abstract interpreters},
year = {2011}
}

@inproceedings{Beyer2007,
address = {New York, New York, USA},
author = {Beyer, Dirk and Henzinger, Thomas A. and Majumdar, Rupak and Rybalchenko, Andrey},
booktitle = {PLDI 2007},
month = jun,
number = {6},
pages = {300--309},
publisher = {ACM Press},
title = {Path invariants},
volume = {42},
year = {2007}
}

@inproceedings{Xu2009,
author = {Xu, Dana N. and {Peyton Jones}, Simon and Claessen, Koen},
title = {Static contract checking for Haskell},
booktitle = {Haskell 2006},
pages = {41--52},
year = {2009}
}
