% This file was created with JabRef 2.8.1.
% Encoding: SJIS

@INPROCEEDINGS{Unno2009,
  author = {Hiroshi Unno and Naoki Kobayashi},
  title = {Dependent Type Inference with Interpolants},
  booktitle = PPDP2009,
  year = {2009},
  pages = {277--288},
  publisher = ACM,
  _doi = {http://doi.acm.org/10.1145/1599410.1599445},
  _isbn = {978-1-60558-568-0},
  file = {Unno2009.pdf:Unno2009.pdf:PDF},
  location = {Coimbra, Portugal},
  owner = {uhiro},
  timestamp = {2009.09.29}
}
