% This file was created with JabRef 2.7b.
% Encoding: UTF-8

@INPROCEEDINGS{Ball2002,
  author = {Thomas Ball and Sriram K. Rajamani},
  title = {The SLAM project: debugging system software via static analysis},
  booktitle = {POPL},
  year = {2002},
  pages = {1-3},
  doi = {http://doi.acm.org/10.1145/503272.503274},
  owner = {ryosuke},
  timestamp = {2012.05.01}
}

@INPROCEEDINGS{Chin2003,
  author = {Chin, Wei-Ngan and Khoo, Siau-Cheng and Xu, Dana N.},
  title = {Extending sized type with collection analysis},
  booktitle = {Proceedings of the 2003 ACM SIGPLAN workshop on Partial evaluation
	and semantics-based program manipulation},
  year = {2003},
  series = {PEPM '03},
  pages = {75--84},
  address = {New York, NY, USA},
  publisher = {ACM},
  acmid = {777397},
  doi = {10.1145/777388.777397},
  isbn = {1-58113-667-6},
  keywords = {collection analysis, fix-point, mixed constraints, polymorphism, sized
	type},
  location = {San Diego, California, USA},
  numpages = {10},
  owner = {ryosuke},
  timestamp = {2012.04.03}
}

@INPROCEEDINGS{Dillig2011,
  author = {Isil Dillig and Thomas Dillig and Alex Aiken},
  title = {Precise reasoning for programs using containers},
  booktitle = {POPL},
  year = {2011},
  pages = {187-200},
  doi = {http://doi.acm.org/10.1145/1926385.1926407},
  file = {:/home/ryosuke/paper/Dillig_POPL2011.pdf:PDF},
  owner = {ryosuke},
  timestamp = {2012.04.03}
}

@INPROCEEDINGS{Henzinger2002,
  author = {Thomas A. Henzinger and Ranjit Jhala and Rupak Majumdar and Gr{\'e}goire
	Sutre},
  title = {Lazy abstraction},
  booktitle = {Proceedings of the 29th ACM SIGPLAN-SIGACT Symposium on Principles
	of Programming Languages (POPL 2002)},
  year = {2002},
  pages = {58-70},
  bibsource = {DBLP, http://dblp.uni-trier.de},
  doi = {10.1145/503272.503279},
  file = {:home/ryosuke/paper/Henzinger2002.pdf:PDF},
  keywords = {predicate abstraction},
  owner = {ryosuke},
  timestamp = {2012.05.01}
}

@INPROCEEDINGS{Kawaguchi2009,
  author = {Ming Kawaguchi and Patrick Maxim Rondon and Ranjit Jhala},
  title = {Type-based data structure verification},
  booktitle = {PLDI},
  year = {2009},
  pages = {304-315},
  doi = {http://doi.acm.org/10.1145/1542476.1542510},
  owner = {ryosuke},
  timestamp = {2012.04.03}
}

@INPROCEEDINGS{KobayashiPOPL2009,
  author = {Naoki Kobayashi},
  title = {Types and higher-order recursion schemes for verification of higher-order
	programs},
  booktitle = {Proceedings of the 36th ACM SIGPLAN-SIGACT Symposium on Principles
	of Programming Languages (POPL 2009)},
  year = {2009},
  pages = {416-428},
  bibsource = {DBLP, http://dblp.uni-trier.de},
  doi = {http://doi.acm.org/10.1145/1480881.1480933},
  file = {:/home/ryosuke/paper/Kobyashi_POPL09.pdf:PDF},
  keywords = {HORS, higher-order recursion scheme},
  owner = {ryosuke},
  timestamp = {2012.04.01}
}

@INPROCEEDINGS{KobayashiPLDI2011,
  author = {Naoki Kobayashi and Ryosuke Sato and Hiroshi Unno},
  title = {Predicate abstraction and CEGAR for higher-order model checking},
  booktitle = {Proceedings of the 2001 ACM SIGPLAN conference on Programminglanguage
	design and implementation (PLDI 2001)},
  year = {2011},
  pages = {222-233},
  doi = {http://doi.acm.org/10.1145/1993498.1993525},
  owner = {ryosuke},
  timestamp = {2012.04.01}
}

@ARTICLE{Nielsen2001,
  author = {Lasse R. Nielsen},
  title = {A Selective CPS Transformation},
  journal = {Electronic Notes in Theoretical Computer Science},
  year = {2001},
  volume = {45},
  pages = {311-331},
  doi = {http://dx.doi.org/10.1016/S1571-0661(04)80969-1},
  owner = {ryosuke},
  timestamp = {2012.04.02}
}

@INPROCEEDINGS{Ong2006,
  author = {C.-H. L. Ong},
  title = {On Model-Checking Trees Generated by Higher-Order Recursion Schemes},
  booktitle = {Proceedings of the 21st Annual IEEE Symposium on Logic in Computer
	Science (LICS 2006)},
  year = {2006},
  pages = {81--90},
  address = {Washington, DC, USA},
  publisher = {IEEE Computer Society},
  doi = {http://dx.doi.org/10.1109/LICS.2006.38},
  file = {:/home/ryosuke/paper/Ong_LICS06.pdf:PDF},
  isbn = {0-7695-2631-4},
  keywords = {model-checking, HORS, higher-order recursion scheme},
  owner = {ryosuke},
  timestamp = {2008.12.09}
}

@INPROCEEDINGS{Ong2011,
  author = {C.-H. Luke Ong and Steven James Ramsay},
  title = {Verifying higher-order functional programs with pattern-matching
	algebraic data types},
  booktitle = {POPL},
  year = {2011},
  pages = {587-598},
  doi = {10.1145/1926385.1926453},
  owner = {ryosuke},
  timestamp = {2012.04.04}
}

@INPROCEEDINGS{Unno2010,
  author = {Hiroshi Unno and Naoshi Tabuchi and Naoki Kobayashi},
  title = {Verification of Tree-Processing Programs via Higher-Order Model Checking},
  booktitle = {APLAS},
  year = {2010},
  pages = {312-327},
  doi = {10.1007/978-3-642-17164-2_22},
  owner = {ryosuke},
  timestamp = {2012.04.04}
}

